% This file was created with JabRef 2.3.1.
% Encoding: ISO8859_1

@ARTICLE{Akaike74,
  	author={Akaike, H.},
  	journal={IEEE Transactions on Automatic Control}, 
  	title={A new look at the statistical model identification}, 
  	year={1974},
  	volume={19},
  	number={6},
  	pages={716--723},
  	doi = {10.1109/TAC.1974.1100705},
}

@inproceedings{Alaziz17,
	author = "Alaziz, M. and Jia, Z. and Howard, R. and Lin, X. and Zhang, Y.",
	booktitle = "{2017 IEEE/ACM International Conference on Connected Health: Applications, Systems and Engineering Technologies (CHASE)}",
	title = "{MotionTree: a tree-based in-bed body motion classification system using load-cells}",
	year = "2017", 
	pages = "127--136", 
	doi = "10.1109/CHASE.2017.71", 
}

@ARTICLE{Angrisani10,
  author = {Angrisani, L. and  Napolitano, A.},
  journal = {IEEE Transactions on Instrumentation and Measurement},
  title = {Modulation quality measurement in wimax systems through a fully digital signal processing approach},
  year = 2010,
  volume = 59,
  number = 9,
  pages = {2286--2302},
  doi = {10.1109/TIM.2009.2034577},
  ISSN = {0018-9456},
}

@article{Arlot10,
	author = "Arlot, S. and Celisse, A.",
	doi = "10.1214/09-SS054",
	fjournal = "Statistics Surveys",
	journal = "Statist. Surv.",
	pages = "40--79",
	publisher = "The American Statistical Association, the Bernoulli Society, the Institute of Mathematical Statistics, and the Statistical Society of Canada",
	title = "A survey of cross-validation procedures for model selection",
	volume = "4",
	year = "2010"
}

@article{Azam15,
	author = "Azam, S.E. and Chatzi, E. and Papadimitriou, C.",
	title = "A dual {K}alman filter approach for state estimation via output-only acceleration measurements",
	journal = "Mechanical Systems and Signal Processing",
	volume = "60-61",
	pages = "866--886",
	year = "2015",
	issn = "0888-3270",
	doi = "10.1016/j.ymssp.2015.02.001",
}

@article{Bai20, 
	title={A neuron-Based {K}alman filter with nonlinear autoregressive model}, 
	volume={20}, 
	ISSN={1424-8220}, 
	doi={10.3390/s20010299}, 
	number={1}, 
	journal={Sensors}, 
	author={Bai, Y. and Wang, X. and Jin, X. and Zhao, Z. and Zhang, B.}, 
	year={2020},  
	pages={299}
}

@article{Balkema18, 
	title={Linear Regression for Heavy Tails}, 
	volume={6}, 
	ISSN={2227-9091}, 
	doi={10.3390/risks6030093}, 
	number={3}, 
	journal={Risks}, 
	author={Balkema, G. and Embrechts, P.}, 
	year={2018}, 
	pages={93}
}

@article{Ballo16,
	author = "Ballo, F. and Gobbi, M. and Mastinu, G. and Previati, G.",
	doi = "10.1016/j.measurement.2016.04.047",
	issn = "0263-2241",
	journal = "Measurement",
	pages = "309--317",
	title = "{A six axis load cell for the analysis of the dynamic impact response of a hybrid III dummy}",
	volume = "90",
	year = "2016",
}

@article{Beck10,
author = {Beck, A. and Eldar, Y. C.},
title = {Structured total maximum likelihood: an alternative to structured total least squares},
journal = {SIAM Journal on Matrix Analysis and Applications},
volume = {31},
number = {5},
pages = {2623-2649},
year = {2010},
doi = {10.1137/090756338},
}



@article{Boschetti13,
	author = "Boschetti, G. and Caracciolo, R. and Richiedei, D. and Trevisani, A.",
	doi = "10.1016/j.ymssp.2012.07.010",
	issn = "0888-3270",
	journal = "Mechanical Systems and Signal Processing",
	number = "1--2",
	pages = "116--130",
	title = "{Model-based dynamic compensation of load cell response in weighing machines affected by environmental vibrations}",
	volume = 34,
	year = 2013
}

@article{Burmen09,
	author = "B{\"u}rmen, M. and Pernu\v{s}, F. and Likar, B.",
	journal = "Measurement Science and Technology",
	number = "11",
	pages = "115203",
	title = "{High-speed precision weighing of pharmaceutical capsules}",
	doi = {10.1088/0957-0233/20/11/115203},
	volume = "20",
	year = "2009"
}

@article{Cai16,
	author = "Cai, J. and Qu, X. and Xu, W. and Ye, G.",
	doi = "10.1016/j.acha.2016.02.003",
	issn = "1063-5203",
	journal = "Applied and Computational Harmonic Analysis",
	number = "2",
	pages = "470--490",
	title = "{Robust recovery of complex exponential signals from random {G}aussian projections via low rank {H}ankel matrix reconstruction}",
	volume = "41",
	year = "2016"
}

@book{Carroll06,
	title = "Measurement error in nonlinear models, a modern perspective",
	edition =  2,
	author = "Carroll, R. J. and  Ruppert, D. and Stefanski, L. A. and Crainiceanu, C. M.",
	year = 2006,
	publisher = "Taylor \& Francis",
	isbn = "978-1-58488-633-4",
	address = "Boca Raton, FL",
}

@article{Casas16,
	author = "Casas, O. and Dalazen, R. and Balbinot, A.",
	doi = "10.1016/j.measurement.2016.07.031",
	issn = "0263-2241",
	journal = "Measurement",
	pages = "189--201",
	title = "{3D load cell for measure force in a bicycle crank}",
	volume = "93",
    year = "2016",
}

@article{Cox06,
	author = "Cox, M.G. and Siebert, B.R.",
	journal = "Metrologia",
	number = "4",
	pages = "S178",
	title = "{The use of a {M}onte {C}arlo method for evaluating uncertainty and expanded uncertainty}",
	doi = {10.1088/0026-1394/43/4/s03},
	volume = "43",
	year = "2006"
}

@ARTICLE{Craven15,
  	author={Craven, D. and McGinley, B. and Kilmartin, L. and Glavin, M. and Jones, E.},
  	journal={IEEE Journal of Biomedical and Health Informatics}, 
  	title={Compressed sensing for bioelectric signals: a review}, 
  	year={2015},
  	volume={19},
  	number={2},
  	pages={529--540},
  	doi={10.1109/JBHI.2014.2327194},
  	ISSN={2168-2208},
}

@article{Cui19,
	title = "A novel Switching Unscented Kalman Filter method for remaining useful life prediction of rolling bearing",
	journal = "Measurement",
	volume = "135",
	pages = "678 -- 684",
	year = "2019",
	issn = "0263-2241",
	doi = "10.1016/j.measurement.2018.12.028",
	author = "Cui, L. and Wang, X. and Xu, Y. and Jiang, H. and Zhou, J.",
}

@article{daSilva12,
	author = "Hack, P. {da Silva and ten Caten}, C.S.",
	doi = "10.1109/TIM.2012.2193694",
	issn = "0018-9456",
	journal = "IEEE Transactions on Instrumentation and Measurement",
	number = "8",
	pages = "2116--2124",
	title = "{Measurement uncertainty: literature review and research trends}",
	volume = "61",
	year = "2012"
}

@article{deCastro19,
  author = "{de Castro}, B.A. and Baptista, F.G. and Ciampa, F.",
  title = "New signal processing approach for structural health monitoring in noisy environments based on impedance measurements",
  journal = "Measurement",
  volume = 137,
  pages = "155--167",
  year = 2019,
  issn = "0263-2241",
  doi = "10.1016/j.measurement.2019.01.054",
}

@article{DEmilia16,
	author= "{D'Emilia}, G. and Gaspari, A. and Natale, E.",
	title = "Evaluation of aspects affecting measurement of three-axis accelerometers",
	journal = "Measurement",
	volume = "77",
	pages = "95--104",
	year = "2016",
	issn = "0263-2241",
	doi = "10.1016/j.measurement.2015.08.031",
}

@article{Dienstfrey14,
	author = "Dienstfrey, A. and Hale, P.D.",
	journal = "Measurement Science and Technology",
	number = 3,
	pages = "1--12",
	title = "{Analysis for dynamic metrology}",
	volume = 25,
	year = 2014
}

@article{Diniz17,
	author = "Diniz, A. and {de Almeida}, M. and Vianna, J. and Oliveira, A. and Fabro, A.",
	issn = "1678-5878",
	journal = "Journal of the Brazilian Society of Mechanical Sciences and Engineering",
	number = "3",
	pages = "1053--1060",
	title = "{Methodology for estimating measurement uncertainty in the dynamic calibration of industrial temperature sensors}",
	volume = "39",
	year = "2017"
}

@article{Djouambi12,
	title = "Recursive prediction error identification of fractional order models",
	journal = "Communications in nonlinear science and numerical simulation",
	volume = "17",
	number = "6",
	pages = "2517 -- 2524",
	year = "2012",
	issn = "1007-5704",
	doi = "doi.org/10.1016/j.cnsns.2011.08.015",
	author = "Djouambi, A. and Voda, A. and Charef, A",
}

@ARTICLE{Duarte11,
	author={Duarte, M. F. and Eldar, Y. C.},
	journal={IEEE Transactions on Signal Processing},
	title={Structured compressed sensing: from theory to applications}, 
	year={2011},
	volume={59},
	number={9},
	pages={4053--4085},
}


@article{Eichstadt10,
	author = "Eichst{\"a}dt, S. and Elster, C. and Esward, T.J. and Hessling, J.P.",
	doi = "10.1088/0026-1394/47/5/003",
	journal = "Metrologia",
	number = 5,
	pages = "522--533",
	title = "{Deconvolution filters for the analysis of dynamic measurement processes: a tutorial}",
	volume = 47,
	year = 2010
}

@article{Eichstadt12,
	author = "Eichst{\"a}dt, S. and Link, A. and Harris P. and Elster, C.",
	doi = "10.1088/0026-1394/49/3/401",
	journal = "Metrologia",
	number = 3,
	pages = "401--410",
	title = "{Efficient implementation of a {M}onte {C}arlo method for uncertainty evaluation in dynamic measurements}",
	volume = 49,
	year = 2012
}

@article{Eichstadt16b,
	author = "Eichst{\"a}dt, S. and Makarava, N. and Elster, C.",
	journal = "Measurement Science and Technology",
	number = "12",
	pages = "125009",
	title = "{On the evaluation of uncertainties for state estimation with the {K}alman filter}",
	volume = "27",
	year = "2016"
}

@article{Elster07,
	author = "Elster, C. and Link, A. and Bruns, T.",
	doi = "10.1088/0957-0233/18/12/002",
	issn = "0957-0233",
	journal = "Measurements science and technology",
	number = "12",
	pages = "3682--3687",
	title = "{Analysis of dynamic measurements and determination of time-dependent measurement uncertainty using a second-order model}",
	volume = 18,
	year = 2007
}

@book{Eldar2012compressed,
  	title={Compressed sensing: theory and applications},
  	author={Eldar, Y. and Kutyniok, G.},
  	year={2012},
  	publisher={Cambridge university press}
}
@article{Elster08,
	author = "Elster, C. and Link, A.",
	journal = "Metrologia",
	number = "4",
	pages = "464",
	title = "{Uncertainty evaluation for dynamic measurements modelled by a linear time-invariant system}",
	volume = "45",
	year = "2008"
}

@misc{Esward16,
	author = "Esward, T.J.",
	issn = "01718096",
	journal = "Technisches Messen",
	pages = "557",
	doi = "10.1515/teme-2015-0128",
	title = "{Investigating dynamic measurement applications through modelling and simulation}",
 	volume = "83",
	year = "2016"
}

@inproceedings{Esward09,
	author = "Esward, T.J. and Elster, C. and Hessling J.P.",
	booktitle = "{In Proceedings of XIX IMEKO World Congress}",
	title = "{Analysis of dynamic measurements: new challenges require new solutions}",
	year = "2009"
}

@misc{Farrell18,
    title={Novel deep learning methods for track reconstruction},
    author={Farrell, S. and Calafiura, P. and Mudigonda, M. and Prabhat and Anderson, D. and Vlimant, J. and Zheng, S. and Bendavid, J. and Spiropulu M. and Cerati, G. and Gray L. and Kowalkowski J. and Spentzouris, P. and Tsaris, A.},
    year={2018},
    eprint={1810.06111},
    archivePrefix={arXiv},
    primaryClass={hep-ex}
}

@article{Feiz17,
	author = "Feiz, R. and Rezghi, M.",
	doi = "10.1016/j.jvcir.2017.03.001",
	issn = "1047-3203",
	journal = "Journal of Visual Communication and Image Representation",
	pages = "48--57",
	title = "{A splitting method for total least squares color image restoration problem}",
	volume = "46",
	year = "2017"
}

@article{Ferrero06,
	author = "Ferrero, A. and Salicone, S.",
	doi = "10.1109/MIM.2006.1637979",
	issn = "1094-6969",
	journal = "IEEE Instrumentation Measurement Magazine",
	number = "3",
	pages = "44--51",
	title = "{Measurement uncertainty}",
	volume = "9",
	year = "2006"
}

@book{Fraden16Book,
	author = "Fraden, J.",
	edition = 5,
	isbn = "978-3-319-19302-1",
	publisher = "Springer",
	title = "{Handbook of Modern Sensors}",
	year = 2016,
	address = "San Diego, CA",
}

@article{Geman92,
	author = {Geman, S. and Bienenstock, E. and Doursat, R.},
	title = {Neural networks and the bias/variance dilemma},
	journal = {Neural Computation},
	volume = {4},
	number = {1},
	pages = {1-58},
	year = {1992},
	doi = {10.1162/neco.1992.4.1.1},
}

@article{Gil15,
	title = "Recursive subspace system identification for parametric fault detection in nonlinear systems",
	journal = "Applied Soft Computing",
	volume = "37",
	pages = "444 -- 455",
	year = "2015",
	issn = "1568-4946",
	doi = "10.1016/j.asoc.2015.08.036",
	author = "Gil, P. and Santos, F. and Palma, L. and Cardoso, A.",
}

@book{Gubner06, 
	place={Cambridge}, 
	title={Probability and random processes for electrical and computer engineers}, 
	doi={10.1017/CBO9780511813610}, 
	publisher={Cambridge University Press}, 
	author={Gubner, J. A.}, 
	year={2006}
}

@book{GUM08,
	author = "BIPM and IEC and IFCC and ILAC and ISO and IUPAC and IUPAP and OIML",
	publisher = "(Geneva: International Organization for Standardization) (Joint Committee for Guides in Metrology, JCGM 101:2008.)",
	title = "{Evaluation of measurement data - Guide to the expression of uncertainty in measurement}",
	year = 2008
}

@book{GUM08S1,
	author = "BIPM and IEC and IFCC and ILAC and ISO and IUPAC and IUPAP and OIML",
	publisher = "(Geneva: International Organization for Standardization) (Joint Committee for Guides in Metrology, JCGM 101:2008.)",
	title = "{Evaluation of measurement data---supplement 1 to the {\lq}guide to the expression of uncertainty in measurement{\rq}---propagation of distributions using a {M}onte {C}arlo method}",
	year = 2008
}

@inproceedings{Guo18,
	author="Guo, G. and Zhong, S. and Yao, L.",
	editor="Yao, L. and Zhong, S. and Kikuta, H. and Juang, J.-G. and Anpo, M.",
	title="Sensitivity effect of single load cell on total output of a combinatorial structure",
	booktitle="Advanced mechanical science and technology for the industrial revolution 4.0",
	year="2018",
	publisher="Springer",
	pages="105--111",
	isbn="978-981-10-4109-9"
}

@article{Hale09,
	author = "Hale, P.D. and Dienstfrey, A. and Wang, J.C.M. and Williams, D.F. and Lewandowski, A. and Keenan, D.A. and Clement, T.S.",
	doi = "10.1109/TIM.2009.2018012",
	issn = "0018-9456",
	journal = "IEEE Transactions on Instrumentation and Measurement",
	number = "10",
	pages = "3554--3568",
	title = "{Traceable waveform calibration with a covariance-based uncertainty analysis}",
	volume = "58",
	year = "2009"
}

@book{Hammersley75,
	title={Monte Carlo Methods},
	author={Hammersley, J.M. and Handscomb, D.C.},
	isbn={9780416523409},
	series={Methuen's monographs on applied probability and statistics},
	year={1975},
	publisher={Methuen}
}

@book{Hastie09,
	author={Hastie, T. and Tibshirani, R. and Friedman, J.}, 
	title = {The elements of statistical learning: data mining, inference, and prediction}, 
	publisher={Springer}, 
	edition=2, 
	year = 2009,
	doi={10.1007/978-0-387-84858-7},
	isbn = {978-0-387-84857-0},
	address = "New York",
}

@article{He17, 
	title={An Unobtrusive Fall Detection and Alerting System Based on Kalman Filter and Bayes Network Classifier}, 
	volume={17}, 
	ISSN={1424-8220}, 
	DOI={10.3390/s17061393}, 
	number={6}, 
	journal={Sensors}, 
	author={He, J. and Bai, S. and Wang, X.}, 
	year={2017}, 
	pages={1393}
}

@article{Hernandez06,
	author = "Hernandez, W.",
	doi = "10.3390/s6070697",
	issn = "1424-8220",
	journal = "Sensors",
	number = "7",
	volume = "6",
	pages = "697--711",
	year = "2006",
	title = "{Improving the response of a load cell by using optimal filtering}"
}

@article{Hessling06,
	doi = "10.1088/0957-0233/17/10/028",
	year = "2006",
	volume = "17",
	number = "10",
	pages = "2740--2750",
	author = "Hessling, J.P.",
	title = "A novel method of estimating dynamic measurement errors",
	journal = "Measurement Science and Technology",
}

@article{Hessling08b,
	author = "Hessling, J.P.",
	doi = "10.1088/0957-0233/19/8/084008",
	journal = "Measurement Science and Technology",
	number = "8",
	pages = "084008",
	title = "{Dynamic metrology - an approach to dynamic evaluation of linear time-invariant measurement systems}",
	volume = "19",
	year = "2008"
}

@incollection{Hessling10,
	author = "Hessling, J.P.",
	booktitle = "{Advances in measurement systems}",
	doi = "10.5772/8730",
	editor = "Sharma, M.",
	isbn = "978-3-319-05353-0",
	pages = "221--256",
	publisher = "InTech",
	title = "{Metrology for non-stationary dynamic measurements}",
	year = "2010",
	chapter = "9",
}

@article{Hessling08a,
	author = "Hessling, J.P.",
	doi = "10.1088/0957-0233/19/7/075101",
	journal = "Measurement Science and Technology",
	number = "7",
	pages = "1--10",
	title = "{A novel method of dynamic correction in the time domain}",
	volume = "19",
	year = "2008"
}

@article{Hessling11,
	author = "Hessling, J.P.",
	journal = "Measurement Science and Technology",
	number = "10",
	pages = "105105",
	title = "{Propagation of dynamic measurement uncertainty}",
	doi = {10.1088/0957-0233/22/10/105105},
	volume = "22",
	year = "2011"
}

@article{Hessling13a,
	author = "Hessling, J.P.",
	doi = "10.1137/120899133",
	journal = "SIAM/ASA Journal on Uncertainty Quantification",
	number = "1",
	pages = "297--318",
	title = "{Deterministic sampling for propagating model covariance}",
	volume = "1",
	year = "2013"
}

@incollection{Hessling13b,
	address = "Rijeka",
	author = "Hessling, J.P.",
	booktitle = "{Digital filters and signal processing}",
	chapter = "3",
	doi = "10.5772/52193",
	editor = "{Garc\'{\i}a M{\'a}rquez}, F.P. and Zaman, N.",
	pages = "53--79",
	publisher = "IntechOpen",
	title = "{Deterministic sampling for quantification of modeling uncertainty of signals}",
	year = "2013"
}

@article{Higham18, 
	title={Deep learning for real-time single-pixel video}, 
	volume={8}, 
	ISSN={2045-2322}, 
	doi={10.1038/s41598-018-20521-y}, 
	number={1}, 
	journal={Scientific Reports}, 
	author={Higham, C.F. and Murray-Smith, R. and Padgett, M.J. and Edgar, M. P.}, 
	year={2018}, 
	pages={1--9}
}

@article{Hosseinyalamdary18, 
	title={Deep {K}alman filter: simultaneous multi-sensor integration and modelling; a {GNSS/IMU} case study}, 
	volume={18}, 
	ISSN={1424-8220}, 
	doi={10.3390/s18051316}, 
	number={5}, 
	journal={Sensors}, 
	author={Hosseinyalamdary, S.}, 
	year={2018}, 
	pages={1--15}
}

@article{Hou17,
  	author={Hou, J. and Chau, L. and {Magnenat-Thalmann}, N. and He, Y.},
  	journal={IEEE Transactions on Circuits and Systems for Video Technology}, 
  	title={Sparse low-rank matrix approximation for data compression}, 
  	year={2017},
  	volume={27},
  	number={5},
  	pages={1043--1054},
  	doi={10.1109/TCSVT.2015.2513698},
  	ISSN={1558-2205}
}

@article{Huang16,
	author = "Huang, Q. and Teng, Z. and Tang, X. and Lin, H. and Wen, H.",
	doi = "10.1109/TIM.2015.2490358",
	issn = "0018-9456",
	journal = "IEEE Transactions on Instrumentation and Measurement",
	number = "6",
	pages = "1300--1309",
	title = "{Mass measurement method for the electronic balance based on continuous-time sigma-delta modulator}",
	volume = "65",
	year = "2016"
}

@article{Huber64,
	author = "Huber, P. J.",
	doi = "10.1214/aoms/1177703732",
	journal = "Annals of Mathematical Statistics",	
	number = "1",
	pages = "73--101",
	title = "Robust estimation of a location parameter",
	volume = "35",
	year = "1964"
}

@book{Huber81,
	title="Robust statistics",
	author = "Huber, P. J.",
	year = 1981,
	isbn = "9780471418054",
	doi = "10.1002/0471725250",
	publisher = "John Wiley \& Sons", 
	address = "Cambridge, MA",
}


@misc{Huval15,
    title={An Empirical Evaluation of Deep Learning on Highway Driving},
    author={Huval, B. and Wang, T. and Tandon, S. and Kiske J. and Song, W. and Pazhayampallil, J. and Andriluka, M. and Rajpurkar, P. and Migimatsu, T. and Cheng-Yue, R. and Mujica, F. and Coates, A. and Ng,  A. Y.},
    year={2015},
    eprint={1504.01716},
    archivePrefix={arXiv},
    primaryClass={cs.RO}
}

@article{Jafaripanah05,
	author = "Jafaripanah, M. and Al-Hashimi B.M. and White N.M.",
	doi = "10.1109/TIM.2004.839763",
	issn = "0018-9456",
	journal = "IEEE Transactions on Instrumentation and Measurement",
	number = 1,
	pages = "245--251",
	title = "{Application of analog adaptive filters for dynamic sensor compensation}",
	volume = 54,
	year = 2005
}

@Inbook{James13,
	author="James, G. and Witten, D. and Hastie, T. and Tibshirani, R.",
	title="Linear model selection and regularization",
	booktitle="An introduction to statistical learning: with applications in {R}",
	year="2013",
	publisher="Springer",
	address="New York, NY",
	pages="203--264",
	isbn="978-1-4614-7138-7",
	doi="10.1007/978-1-4614-7138-7_6",
}

@article{Jia18,
	author = "Jia, T. and Wang, H. and Shen, X. and Jiang, Z. and He, K.",
	doi = "10.1016/j.sigpro.2017.09.011",
	issn = "0165-1684",
	journal = "Signal Processing",
	pages = "211--221",
	title = "{Target localization based on structured total least squares with hybrid TDOA-AOA measurements}",
	volume = "143",
	year = "2018"
}

@article{Jing16,
	doi = {10.1088/1361-6501/28/1/015105},
	year = 2016,
	publisher = {{IOP} Publishing},
	volume = 28,
	number = 1,
	pages = {015105},
	author = {Jing, Y.Q. and Meng, Q.H. and Qi, P.F. and Zeng, M. and Liu, Y.J.},
	title = {Signal processing inspired from the olfactory bulb for electronic noses},
	journal = {Measurement Science and Technology},
}

@book{Kailath00book,
	author = "Kailath, T. and Sayed, H. and Hassibi, B.",
	title = "{Linear estimation}",
	publisher = "Prentice Hall",
	address = "NJ",
	edition = "1",
	year = "2000",
	isbn = "0-13-022464-2",
}

@misc{Karl16,
    title={Deep variational bayes filters: unsupervised learning of state space models from raw data},
    author={Karl, M. and Soelch, M. and Bayer, J. and {van der Smagt}, P.},
    year={2016},
    eprint={1605.06432},
    archivePrefix={arXiv},
    primaryClass={stat.ML}
}

@article{Kesilmis16,
	author = "Kesilmi{\c{s}}, Z. and Baran, T.",
	title = "A geometric approach to beam type load cell response for fast weighing",
	journal = "MAPAN",
	year = "2016",
	volume = "31",
	number = "2",
	pages = "153--158",
	issn = "0974-9853",
	doi = "10.1007/s12647-016-0168-2",
}

@ARTICLE{Kezhi15,
  	author={Kezhi, L. and Shuang, C.},
  	journal={IEEE Access}, 
  	title={State of the art and prospects of structured sensing matrices in compressed sensing}, 
  	year={2015},
  	volume={9},
  	number={5},
  	pages={665--677},
  	doi = {10.1007/s11704-015-3326-8},
  	issn = {2095-2236},
}

@article{Kiviet12high,
	author = "Kiviet, J. and Phillips, G.",
	doi = "10.1016/j.csda.2010.07.013",
	issn = "0167-9473",
	journal = "Computational Statistics \& Data Analysis",
	number = "11",
	pages = "3705--3729",
	title = "{Higher-order asymptotic expansions of the least-squares estimation bias in first-order dynamic regression models}",
	volume = "56",
	year = "2012"
}

@article{Kiviet14improved,
	author = "Kiviet, J. and Phillips, G.",
	doi = "10.1016/j.csda.2013.09.021",
	issn = "0167-9473",
	journal = "Computational Statistics \& Data Analysis",
	pages = "424--448",
	title = "{Improved variance estimation of maximum likelihood estimators in stable first-order dynamic regression models}",
	volume = "76",
	year = "2014"
}

@misc{Krishnan15,
    title={Deep {K}alman filters},
    author={Krishnan, R. G. and Shalit, U. and Sontag, D.},
    year={2015},
    eprint={1511.05121},
    archivePrefix={arXiv},
    primaryClass={stat.ML}
}

@INPROCEEDINGS{Kueppers17,
	author={Kueppers, S. and Cetinkaya, H. and Pohl, N.},
	booktitle={2017 European Radar Conference (EURAD) },
	title={A compact 120 GHz SiGe:C based 2×8 FMCW MIMO radar sensor for robot navigation in low visibility environments},
	year={2017},
	volume={},
	number={},
	pages={122-125},
	doi={},
	ISSN={9782874870491},
}

@article{Lee16,
	author = {Lee, W. and Yoon, H. and Han, C. and Joo, K. and Park, K.},
	title = {Physiological signal monitoring bed for infants based on load-cell sensors},
	journal = {Sensors},
	volume = {16},
	year = {2016},
	number = {3},
	issn = {1424-8220},
	doi = {10.3390/s16030409}
}

@incollection{Lemmerling02,
	author = {Lemmerling, P. and Van Huffel, S.},
	editor = {Van Huffel, S. and Lemmerling, P.},
	title = {Structured total least squares},
	booktitle =  {Total least squares and errors-in-variables modeling: analysis, algorithms and applications},
	year = {2002},
	publisher = {Springer},
	pages = {79--91},
	isbn = {978-94-017-3552-0},
	doi = {10.1007/978-94-017-3552-0_8},
}

@article{Link07,
	author = "Link, A. and T{\"a}ubner, A. and Wabinski, W. and Bruns, T. and Elster, C.",
	doi = "10.1016/j.measurement.2006.10.011",
	issn = "0263-2241",
	journal = "Measurement",
	number = "9--10",
	pages = "928--935",
	title = "{Modelling accelerometers for transient signals using calibration measurements upon sinusoidal excitation}",
	volume = 40,
	year = 2007
}

@article{Link09,
	author = "Link, A. and Elster, C.",
	journal = "Measurement Science and Technology",
	number = "5",
	pages = "1--5",
	title = "{Uncertainty evaluation for IIR (infinite impulse response) filtering using a state-space approach}",
	doi = {10.1088/0957-0233/20/5/055104},
	volume = "20",
	year = "2009"
}

@book{Ljung87Book,
	author = "Ljung, L.",
	isbn = "0-13-881640",
	publisher = "Prentice-Hall",
	title = "{System identification - theory for the user}",
	year = 1987,
	address = "Englewood Cliffs, NJ",
}

@book{Manning08,
	title = "{Introduction to information retrieval}",
	author = "{Manning, C. D. and Raghavan, P. and Sch{\"u}tze, H.}",
	publisher = "Cambridge University Press",
	year = 2008,
	address = "Cambridge, UK",
}	 

@article{Markovsky07overview,
	author = "Markovsky, I. and {Van Huffel}, S.",
	doi = "10.1016/j.sigpro.2007.04.004",
	issn = "0165-1684",
	journal = "Signal Processing",
	number = "10",
	pages = "2283--2302",
	title = "{Overview of total least-squares methods}",
	volume = "87",
	year = "2007"
}

@book{Markovsky12book,
	author = "Markovsky, I.",
	title = "{Low rank approximation, algorithms, implementation, applications}",
	publisher = "Springer",
	address = "London",
	edition = "1",
	year = "2012",
	isbn = "978-1-4471-5836-3",
	doi = "10.1007/978-1-4471-2227-2",
}

@article{Markovsky12,
	title = "How effective is the nuclear norm heuristic in solving data approximation problems?",
	journal = "IFAC Proceedings Volumes",
	volume = "45",
	number = "16",
	pages = "316 -- 321",
	year = "2012",
	issn = "1474-6670",
	doi = "10.3182/20120711-3-BE-2027.00125",
	author = "Markovsky, I.",
}

@article{Markovsky13,
	author = {Markovsky, I. and Usevich, K.},
	title = {Structured low-rank approximation with missing data},
	journal = {SIAM Journal on Matrix Analysis and Applications},
	volume = {34},
	number = {2},
	pages = {814--830},
	year = {2013},
	doi = {10.1137/120883050},
}

@article{Markovsky14,
	title = "Software for weighted structured low-rank approximation",
	journal = "Journal of Computational and Applied Mathematics",
	volume = "256",
	pages = "278 -- 292",
	year = "2014",
	issn = "0377-0427",
	doi = "10.1016/j.cam.2013.07.048",
	author = "Markovsky, I. and Usevich, K.",
}

@article{Markovsky15cep,
	author = "Markovsky, I.",
	doi = "10.1016/j.conengprac.2015.07.001",
	journal = "Control Engineering Practice",
	pages = "85--93",
	title = "{An application of system identification in metrology}",
	volume = 43,
	year = 2015
}

@article{Markovsky15ieee,
	author = "Markovsky, I.",
	doi = "10.1109/LSP.2014.2388369",
	journal = "IEEE Signal Proc. Letters",
	pages = "1094--1097",
	title = "{Comparison of adaptive and model-free methods for dynamic measurement}",
	volume = 22,
	year = 2015
}

@article{Markovsky16,
	title = "The most powerful unfalsified model for data with missing values",
	journal = "Systems \& Control Letters",
	volume = "95",
	pages = "53 -- 61",
	year = "2016",
	issn = "0167-6911",
	doi = "10.1016/j.sysconle.2015.12.012",
	author = "Markovsky, I.",
}

@book{Maronna06,
	title = "{Robust statistics: theory and methods}", 
	author = "Maronna, R. A. and Martin, R. D. and Yohai, V. J.",
	year = 2006,
	publisher = "John Wiley \& Sons", 
	ISBN = "0-470-01092-4",
	address = "West Sussex, UK",
}

@article{Mastronardi07fast,
	author = "Mastronardi, N. and O{\rq}Leary, D.",
	doi = "10.1016/j.csda.2007.05.008",
	issn = "0167-9473",
	journal = "Computational Statistics \& Data Analysis",
	number = "2",
	pages = "1119--1131",
	publisher = "Elsevier",
	title = "{Fast robust regression algorithms for problems with {T}oeplitz structure}",
	volume = "52",
	year = "2007"
}

@article{Markovsky17,
  	author={Markovsky, I.},
  	journal={IEEE Transactions on Automatic Control}, 
  	title={A missing data approach to data-driven filtering and control}, 
  	year={2017},
  	volume={62},
  	number={4},
	pages={1972--1978},
  	doi={10.1109/TAC.2016.2591178},
  	ISSN={1558-2523},
}

@article{Matthews14,
	author = "Matthews, C. and Pennecchi, F. and Eichst{\"a}dt, S. and Malengo, A. and Esward, T.J. and Smith, I. and Elster, C. and Knott, A. and Arrh{\'e}n, F. and Lakka, A.",
	doi = "10.1088/0026-1394/51/3/326",
	journal = "Metrologia",
	number = "3",
	pages = "326--338",
	title = "{Mathematical modelling to support traceable dynamic calibration of pressure sensors}",
	volume = "51",
	year = "2014"
}

@article{Mayne14,
	author = "Mayne, D.Q.",
	doi = "10.1016/j.automatica.2014.10.128",
	issn = "0005-1098",
	journal = "Automatica",
	keywords = "Model predictive control",
	number = "12",
	pages = "2967--2986",
	title = "{Model predictive control: Recent developments and future promise}",
	volume = "50",
	year = "2014"
}

@book{McElreath20,
	author = "McElreath, R.",
	title = "Statistical rethinking, a {B}ayesian course with examples in {R} and {STAN}",
	year = 2020,
	edition = 2,
	ISBN = "9780367139919",
	publisher = "CRC press",
	address = "Boca Raton, FL",
}

@book{MiddletonGoodwinBook,
	author = "Middleton, R. and Goodwin, G.C.",
	isbn = "0‐13‐211798‐3",
	publisher = "Prentice-Hall",
	title = "{Digital control and estimation: a unified approach}",
	year = 1990,
	address = "Englewood Cliffs, NJ",
}

@article{Munther19,
	author = "Munther, M. and Moon, D.I.  and Kim, B. and Han, J.W. and Davami, K. and Meyyappan, M.",
	title = "Array of chemiresistors for single input multiple output (SIMO) variation-tolerant all printed gas sensor",
	journal = "Sensors and Actuators B: Chemical",
	volume = "299",
	pages = "126971",
	year = "2019",
	issn = "0925-4005",
	doi = "10.1016/j.snb.2019.126971",
}

@misc{Nannen10,
    title={A short introduction to model selection, {K}olmogorov complexity and minimum description length (MDL)},
    author={Volker Nannen},
    year={2010},
    eprint={1005.2364},
    archivePrefix={arXiv},
    primaryClass={cs.LG}
}

@misc{Neal19,
    title={On the bias-variance tradeoff: textbooks need an update},
    author={Neal, B.},
    year={2019},
    eprint={1912.08286},
    archivePrefix={arXiv},
    primaryClass={cs.LG}
}

@misc{Neal18,
    title={A modern take on the bias-variance tradeoff in neural networks},
    author={Neal, B. and Mittal, S. and Baratin, A. and Tantia, V. and Scicluna, M. and {Lacoste-Julien}, S. and Mitliagkas, I.},
    year={2018},
    eprint={1810.08591},
    archivePrefix={arXiv},
    primaryClass={cs.LG}
}

@article{Neuberger07,
	author = "Neuberger, J. W.",
	journal = "The American Mathematical Monthly",
	pages = "432--437",
	title = "{The continuous {N}ewton's method, inverse functions, and {N}ash-{M}oser}",
	volume = 114,
	year = 2007
}

@article{Niedzwiecki16a,
	author = "Nied{\'z}wiecki, M. and Meller, M. and Pietrzak, P.",
	doi = "10.1016/j.ymssp.2016.04.007",
	issn = "0888-3270",
	journal = "Mechanical Systems and Signal Processing",
	pages = "582--599",
	title = "{System identification based approach to dynamic weighing revisited}",
	volume = 80,
	year = 2016
}

@article{Niedzwiecki16b,
	author = "Nied{\'z}wiecki, M. and Pietrzak, P.",
	doi = "10.1109/TIM.2016.2575180",
	issn = "0018-9456",
	journal = "IEEE Transactions on Instrumentation and Measurement",
	number = "10",
	pages = "2349--2359",
	title = "{High-Precision FIR-Model-Based Dynamic Weighing System}",
	volume = "65",
	year = "2016"
}

@book{Nocedal06,
	author = "Nocedal, J. and Wright, S.",
	edition = 2,
	isbn = "978-0-387-30303-1",
	publisher = "Springer Verlag",
	title = "{Numerical optimization}",
	year = 2006,
	address = "New York",
}

@article{Ogorevc16,
	author = "Ogorevc, J. and Bojkovski, J. and Pu\v{s}nik, I. and Drnov\v{s}ek, J.",
	doi = "10.1088/0957-0233/27/9/095001",
	journal = "Measurement Science and Technology",
	number = "9",
	pages = "1--14",
	title = "{Dynamic measurements and uncertainty estimation of clinical thermometers using {M}onte {C}arlo method}",
	volume = "27",
	year = "2016"
}

@book{OIML_R51_1,
	author = "{International Recommendation OIML R 51 1}",
	publisher = "International Organization for Legal Metrology",
	title = "{Automatic catchweighing instruments Part 1: Metrological and technical requirements - Tests}",
	year = 2006
}

@article{Olmi16,
	author = "Olmi, G.",
	doi = "10.1007/s40799-016-0115-8",
	issn = "1747-1567",
	journal = "Experimental Techniques",
	number = "3",
	pages = "1147--1161",
	title = "{Load cell training for the students of experimental stress analysis}",
    volume = "40",
	year = "2016"
}

@article{Palanthandalam10parameter,
	author = "{Palanthandalam-Madapusi}, H. and {Van Pelt}, T. and Bernstein, D.",
	doi = "10.1080/00207170903470666",
	issn = "1366--5820",
	journal = "International Journal of Control",
	number = "4",
	pages = "862--877",
	publisher = "Taylor \& Francis",
	title = "{Parameter consistency and quadratically constrained errors-in-variables least-squares identification}",
	volume = "83",
	year = "2010"
}

@article{Pan18,
	author = "Pan, Y. and Luo, G.Q. and Jin, H. and Cao, W.",
	doi = "10.1109/ACCESS.2018.2828799",
	issn = "2169-3536",
	journal = "IEEE Access",
	number = "",
	pages = "23172--23179",
	title = "{Direction-of-arrival estimation with ULA: a spatial annihilating filter reconstruction perspective}",
	volume = "6",
	year = "2018"
}

@book{Papoulis02Book,
	author = "Papoulis, A. and Pillai, S. U.",
	edition = 4,
	isbn = "0-07-112256-7",
	publisher = "McGraw Hill",
	title = "{Probability, random variables, and stochastic processes}",
	year = 2002,
	address = "New York",
}

@article{Park19, 
	title={Measurement noise recommendation for efficient {K}alman filtering over a large amount of sensor data}, 
	volume={19}, 
	ISSN={1424-8220}, 
	doi={10.3390/s19051168}, 
	number={5}, 
	journal={Sensors}, 
	author={Park, S. and Gil, M. and Im, H. and Moon, Y.}, 
	year={2019}, 
	pages={1168}
}

@article{Pintelon90,
	author = "Pintelon, R. and Rolain, Y. and Bossche, M. V. and Schoukens, J.",
	doi = "10.1109/19.50428",
	issn = "0018-9456",
	journal = "IEEE Transactions on Instrumentation and Measurement",
	number = "1",
	pages = "116--120",
	title = "{Towards an ideal data acquisition channel}",
	volume = "39",
	year = "1990"
}

@book{Pintelon12Book,
	author = "Pintelon, R. and Schoukens, J.",
	edition = 2,
	isbn = "978-0470640371",
	publisher = "IEEE Press",
	title = "{System identification: a frequency domain approach}",
	year = 2012,
	address = "Piscataway, NJ",
}

@article{Pietrzak14,
	author = "Pietrzak, P. and Meller, M. and Nied{\'z}wiecki, M.",
	doi = "10.1016/j.ymssp.2014.02.013",
	issn = "0888-3270",
	journal = "Mechanical Systems and Signal Processing",
	number = "1--2",
	pages = "67--76",
	title = "{Dynamic mass measurement in checkweighers using a discrete time-variant low-pass filter}",
	volume = 48,
	year = 2014
}

@article{Piskorowski08,
	author = "Piskorowski, J. and Barcinski, T.",
	doi = "10.1016/j.ymssp.2008.01.001",
	issn = "0888-3270",
	journal = "Mechanical Systems and Signal Processing",
	number = 7,
	pages = "1694--1704",
	title = "{Dynamic compensation of load cell response: a time-varying approach}",
	volume = 22,
	year = 2008
}

@article{QuintanaCSDA,
	author = "Quintana-Carapia, G. and Markovsky, I. and Pintelon, R. and Zolt{\'a}n, P. and Verbeke, D.",
	journal = "Computational Statistics and Data Analysis",
	doi = "10.1016/j.csda.2019.106893",
	title = "{Bias and covariance of the least squares estimate of a structured errors-in-variables problem}",
	year = 2019,
	volume = 144,
	number = 106893,
	pages = "1--2",
	issn = "0167-9473",
}

@article{QuintanaTIM,
	author = "Quintana-Carapia, G. and Markovsky, I. and Pintelon, R. and Zolt{\'a}n, P. and Verbeke, D.",
	journal = "IEEE Transactions on Instrumentation and Measurement",
	doi = "10.1109/TIM.2019.2951865",
	title = "{Experimental validation of a data-driven step input estimation method for dynamic measurements}",
	year = 2019,
	volume = "1",
	number = "1",
	pages = "1--1",
	issn = "1557-9662",
}
 
@article{QuintanaMEAS,
	author = "Quintana-Carapia, G. and Markovsky",
	journal = "Measurement",
	doi = "10.1016/j.measurement.2019.107418",
	title = "{Input parameters estimation from time-varying measurements}",
	year = 2020,
	volume = 153,
	number = 1,
	pages = "107418",
	issn = "0263-2241",
}

@INPROCEEDINGS{Rambach16,
	author={Rambach, J. R. and Tewari, A. and Pagani, A. and Stricker D.},
	booktitle={2016 IEEE International Symposium on Mixed and Augmented Reality (ISMAR)}, 
	title={Learning to fuse: a deep learning approach to visual-inertial camera pose estimation}, 
	year={2016},
	volume={},
	number={},
	pages={71--76},
}

@ARTICLE{Rani18,
  	author={Rani, M. and Dhok, S. B. and Deshmukh, R. B.},
  	journal={IEEE Access}, 
  	title={A systematic review of compressive sensing: concepts, implementations and applications}, 
  	year={2018},
  	volume={6},
  	number={},
  	pages={4875--4894},
}

@article{Rhode14recursive,
	author = "Rhode, S. and Usevich, K. and Markovsky, I. and Gauterin, F.",
	doi = "10.1109/TSP.2014.2350959",
	issn = "1053-587X",
	journal = "IEEE Transactions on Signal Processing",
	number = "21",
	pages = "5652--5662",
	publisher = "IEEE",
	title = "{A recursive restricted total least-squares algorithm}",
	volume = "62",
	year = "2014"
}

@article{Rhode14recursivecov,
	title = "Recursive Generalized Total Least Squares with Noise Covariance Estimation",
	journal = "IFAC Proceedings Volumes",
	volume = "47",
	number = "3",
	pages = "4637 -- 4643",
	year = "2014",
	issn = "1474-6670",
	doi = "10.3182/20140824-6-ZA-1003.01568",
	author = "Rhode, S. and Bleimund, F. and Gauterin, F.",
}

@article{Rissanen78,
	title = "Modeling by shortest data description",
	journal = "Automatica",
	volume = "14",
	number = "5",
	pages = "465 -- 471",
	year = "1978",
	issn = "0005-1098",
	doi = "10.1016/0005-1098(78)90005-5",
	author = "Rissanen, J.",
}

@article{Rossander15,
	author = "Rossander, M. and Dyachuk, E. and Apelfr{\"o}jd, S. and Trolin, K. and Goude, A. and Bernhoff, H. and Eriksson, S.",
	title = "{Evaluation of a blade force measurement system for a vertical axis wind turbine using load cells}",
	journal = "Energies",
	volume = "8",
	year = "2015",
	number = "6",
	pages = "5973--5996",
	issn = "1996-1073",
	doi = "10.3390/en8065973"
}

@article{Saggin01,
	author = "Saggin, B. and Debei, S. and Zaccariotto, M.",
	issn = "0263-2241",
	journal = "Measurement",
	number = 3,
	pages = "223--230",
	title = "{Dynamic error correction of a thermometer for atmospheric measurements}",
	volume = 30,
	year = 2001
}

@misc{Shashua17,
    title={Deep Robust {K}alman Filter},
    author={Shashua, S.  and Mannor,  S.},
    year={2017},
    eprint={1703.02310},
    archivePrefix={arXiv},
    primaryClass={cs.AI}
}

@article{Schmidhuber15,
	title = "Deep learning in neural networks: an overview",
	journal = "Neural Networks",
	volume = "61",
	pages = "85 - 117",
	year = "2015",
	issn = "0893-6080",
	doi = "10.1016/j.neunet.2014.09.003",
	author = "Schmidhuber, J.",
}

@article{Shang16,
	author = {Shang, L. and Liu, J. and Zhang, Y.},
	title = {Recursive fault detection and identification for time-varying processes},
	journal = {Industrial \& Engineering Chemistry Research},
	volume = {55},
	number = {46},
	pages = {12149--12160},
	year = {2016},
	doi = {10.1021/acs.iecr.6b02653},
}

@article{Shu93,
	author = "Shu, W.Q.",
	doi = "10.1109/19.234489",
	issn = "0018-9456",
	journal = "IEEE Transactions on Instrumentation and Measurement",
	number = 4,
	pages = "806--811",
	title = "{Dynamic weighing under nonzero initial conditions}",
	volume = 42,
	year = 1993
}

@book{Smith11,
  title={Spectral audio signal processing},
  author={Smith, J. O.},
  year={2011},
  isbn = {978-0-9745607-3-1},
  url ={https://ccrma.stanford.edu/~jos/sasp/},
  publisher={W3K publishing}
}

@article{Soderstrom07,
	author = "S{\"o}derstr{\"o}m, T.",
	doi = "10.1016/j.automatica.2006.11.025",
	issn = "0005-1098",
	journal = "Automatica",
	number = "6",
	pages = "939--958",
	title = "{Errors-in-variables methods in system identification}",
	volume = "43",
	year = "2007"
}

@book{Soderstrom18,
	author = "S{\"o}derstr{\"o}m, T.",
	doi = "10.1007/978-3-319-75001-9",
	publisher = "Springer",
	isbn = "978-3-319-75001-9",
	title = "{Errors-in-variables methods in system identification}",
	year = "2018"
}

@INPROCEEDINGS{Stankovic15,
  	author={Stankovi{\'c}, S.},
  	booktitle={2015 4th Mediterranean Conference on Embedded Computing (MECO)}, 
  	title={Compressive sensing: theory, algorithms and applications}, 
  	year={2015},
  	volume={},
  	number={},
  	pages={4-6},
}

@article{Stewart90SPT,
	author = "Stewart, G.",
	doi = "10.1137/1032121",
	journal = "SIAM Review",
	number = "4",
	pages = "579--610",
	title = "{Stochastic perturbation theory}",
	volume = "32",
	year = "1990"
}

@misc{Sun17,
    title={Adaptive {H}uber regression},
    author={Sun, Q. and Zhou, W. and Fan, J.},
    year={2017},
    eprint={1706.06991},
    archivePrefix={arXiv},
    primaryClass={math.ST}
}

@article{Tasaki07,
	author = "Tasaki, R. and Yamazaki, T. and Ohnishi, H. and Kobayashi, M. and Kurosu, S.",
	doi = "10.1016/j.measurement.2006.05.010",
	issn = "0263-2241",
	journal = "Measurement",
	number = "7--8",
	pages = "791--796",
	title = "{Continuous weighing on a multi-stage conveyor belt with FIR filter}",
	volume = 40,
	year = 2007
}

@misc{tedea1004,
	author = "Tedea-Huntleigh",
	note = "\url{http://docs.vpgtransducers.com/?id=2831}",
	title = "{Aluminum Single-Point Load Cell 1004}",
	year = 2015
}

@ARTICLE{Ugryumova15,
	author={Ugryumova, D. and Pintelon, R. and Vandersteen, G.},
	journal={IEEE Transactions on Instrumentation and Measurement}, 
	title={Frequency response function estimation in the presence of missing output data}, 
	year={2015},
	volume={64},
	number={2},
	pages={541--553},
	doi = {10.1109/TIM.2014.2342431},
}

@article{Usevich16,
  	author={Usevich, K. and Comon, P.},
  	journal={IEEE Journal of Selected Topics in Signal Processing}, 
  	title={{H}ankel low-rank matrix completion: performance of the nuclear norm relaxation}, 
  	year={2016},
  	volume={10},
  	number={4},
  	pages={637--646},
  	doi={10.1109/JSTSP.2016.2535182},
  	ISSN={1941-0484},
}

@article{Ushiki13,
	title ={Intruder detection performance of SIMO and MIMO sensors with same number of channel responses},
	author={Ushiki, K. and Nishimori, K. and Honma, N. and Makino, H.},
	journal={IEICE Transactions},
	year={2013},
	volume={96-B},
	pages={2499-2505}
}

@article{Vaccaro94,
	author = "Vaccaro, R.",
	doi = "10.1137/S0895479891224245",
	issn = "0895-4798",
	journal = "SIAM J. Matrix Anal. Appl.",
	number = "2",
	pages = "661--671",
	publisher = "Society for Industrial and Applied Mathematics",
	title = "{A second-order perturbation expansion for the svd}",
	volume = "15",
	year = "1994"
}

@book{VanHuffel91Book,
	author = "{Van Huffel}, S. and Vandewalle, J.",
	doi = "10.1137/1.9781611971002",
	publisher = "SIAM",
	title = "{The total least squares problem: computational aspects and analysis}",
	year = "1991"
}

@article{VanHuffel07TLSeditorial,
	author = "{Van Huffel}, S. and Cheng, C. and Mastronardi, N. and Paige, C. and Kukush, A.",
	doi = "10.1016/j.csda.2007.07.001",
	issn = "0167-9473",
	journal = "Computational Statistics \& Data Analysis",
	number = "2",
	pages = "1076--1079",
	title = "{Total least squares and errors-in-variables modeling}",
	volume = "52",
	year = "2007"
}

@article{vanWaarde20,
  	author={H. J. {van Waarde} and C. {De Persis} and M. K. {Camlibel} and P. {Tesi}},
  	journal={IEEE Control Systems Letters}, 
  	title={Willems' fundamental lemma for state-space systems and its extension to multiple datasets}, 
  	year={2020},
  	volume={4},
  	number={3},
	pages={602--607},
	doi = {10.1109/LCSYS.2020.2986991},
}

@article{Vlajic16,
	author = "Vlajic, N. and Chijioke, A.",
	journal = "Metrologia",
	number = "4",
	pages = "S136",
	title = "{Traceable dynamic calibration of force transducers by primary means}",
	volume = "53",
	year = "2016"
}

@ARTICLE{Wang14,
  author = {Wang, L. and Yan, Y. and Hu, Y. and Qian, X.},
  journal = {IEEE Transactions on Instrumentation and Measurement},
  title = {Rotational speed measurement through electrostatic sensing and correlation signal processing},
  year = 2014,
  volume = 63,
  number = 5,
  pages={1190--1199},
  doi = {10.1109/TIM.2013.2292283},
  ISSN = {0018-9456},
}

@inproceedings{Wiklund02,
	author = "Wiklund, D. and Peluso, M.",
	booktitle = "{ISA2002 Technical Conference}",
	title = "{Quantifying and specifying the dynamic response of flowmeters}",
	year = "2002", 
	pages = "463--476", 
}

@article{Willems86I,
	doi = {10.1016/0005-1098(86)90066-X},
	year = 1986,
	issn = "0005-1098",
	volume = {22},
	pages = {561--580},
	author = {Willems, J. C.},
	title = {From time series to linear system - Part I. Finite dimensional linear time invariant systems},
	journal = {Automatica},
}

@article{Willems05,
	title = "A note on persistency of excitation",
	journal = "Systems \& Control Letters",
	volume = "54",
	number = "4",
	pages = "325 -- 329",
	year = "2005",
	issn = "0167-6911",
	doi = "10.1016/j.sysconle.2004.09.003",
	author = " Willems, J.C. and Rapisarda, P. and Markovsky, I. and {De Moor}, B.L.M.",
}

@article{Yamani18,
	doi = {10.1088/1742-6596/1065/4/042048},
	year = 2018,
	publisher = {{IOP} Publishing},
	volume = {1065},
	pages = {1--4},
	author = {Yamani, K. and Yamakawa, Y. and Yamazaki, T.},
	title = {Dynamic behavior of mass measurement system using load-cell (2nd report) -Effect of partial load distribution-},
	journal = {Journal of Physics: Conference Series},
}

@article{Yeredor04homogeneous,
	author = "Yeredor, A. and {De Moor}, B.",
	doi = "10.1016/j.csda.2003.12.001",
	journal = "Computational Statistics \& Data Analysis",
	number = "3",
	pages = "455--465",
	publisher = "Elsevier",
	title = "{On homogeneous least-squares problems and the inconsistency introduced by mis-constraining}",
	volume = "47",
	year = "2004"
}

@article{Ying18,
	author={Ying, J. and Cai, J. and Guo, D. and  Tang, G. and Chen, Z. and Qu, X.},
	journal={IEEE Transactions on Signal Processing}, 
	title={Vandermonde factorization of {H}ankel matrix for complex exponential signal recovery-application in fast NMR spectroscopy},
	year={2018},
	volume={66},
	number={21},
	pages={5520--5533},
	doi = {10.1109/TSP.2018.2869122},
  }


@article{Zahradka18,
	doi = {10.1088/1361-6579/aaeca8},
	year = 2018,
	publisher = {{IOP} Publishing},
	volume = {39},
	number = {12},
	pages = {1--11},
	author = {Zahradka, N. and Jeong, I. and Searson, P.},
	title = {Distinguishing positions and movements in bed from load cell signals},
	journal = {Physiological Measurement},
}

@article{Zhang97,
	title = "Parameter estimation techniques: a tutorial with application to conic fitting",
	journal = "Image and Vision Computing",
	volume = "15",
	number = "1",
	pages = "59 -- 76",
	year = "1997",
	issn = "0262-8856",
	doi = "10.1016/S0262-8856(96)01112-2",
	author = "Zhang, Z.",
}

@article{Zheng19,
	title = "A {K}alman filter-based bottom-up approach for household short-term load forecast",
	journal = "Applied Energy",
	volume = "250",
	pages = "882 -- 894",
	year = "2019",
	issn = "0306-2619",
	doi = "10.1016/j.apenergy.2019.05.102",
	author = "Zheng, Z. and Chen, H. and Luo, X.",
}

@article{Zhou18,
	author = "Zhou, W. X. and Bose, K. and Fan, J. and Liu, H.",
	doi = "10.1214/17-AOS1606",
	journal = "Annals of Statistics",
	number = "5",
	pages = "1904--1931",
	title = "A new perspective on robust $M$-estimation: Finite sample theory and applications to dependence-adjusted multiple testing",
	volume = "46",
	year = "2018"
}
