@comment{x-kbibtex-personnameformatting=<%l><, %f>}

@article{Stewart90SPT,
	author = "Stewart, G.",
	doi = "10.1137/1032121",
	journal = "SIAM Review",
	number = "4",
	pages = "579--610",
	title = "{Stochastic perturbation theory}",
	volume = "32",
	year = "1990"
}

@article{Vaccaro94,
	author = "Vaccaro, R.",
	doi = "10.1137/S0895479891224245",
	issn = "0895-4798",
	journal = "SIAM J. Matrix Anal. Appl.",
	number = "2",
	numpages = "11",
	pages = "661--671",
	publisher = "Society for Industrial and Applied Mathematics",
	title = "{A second-order perturbation expansion for the {SVD}}",
	volume = "15",
	year = "1994"
}

@article{Markovsky15cep,
	author = "Markovsky, I.",
	doi = "10.1016/j.conengprac.2015.07.001",
	journal = "Control Engineering Practice",
	pages = "85--93",
	title = "{An application of system identification in metrology}",
	volume = 43,
	year = 2015
}

@article{Beck10,
	author = "Beck, A. and Eldar, Y.",
	doi = "10.1137/090756338",
	journal = "SIAM Journal on Matrix Analysis and Applications",
	number = "5",
	pages = "2623--2649",
	title = "{Structured total maximum likelihood: an alternative to structured total least squares}",
	volume = "31",
	year = "2010"
}

@book{Pintelon00Book,
	address = "Piscataway, NJ",
	author = "Pintelon, R. and Schoukens, J.",
	doi = "10.1002/9781118287422",
	edition = 2,
	isbn = "978-0470640371",
	publisher = "IEEE Press",
	title = "{System identification: a frequency domain approach}",
	year = 2012
}

@book{VanHuffel91Book,
	author = "{Van Huffel}, S. and Vandewalle, J.",
	doi = "10.1137/1.9781611971002",
	publisher = "SIAM",
	title = "{The total least squares problem: computational aspects and analysis}",
	year = "1991"
}

@article{Soderstrom07,
	author = "S{\"o}derstr{\"o}m, T.",
	doi = "10.1016/j.automatica.2006.11.025",
	issn = "0005-1098",
	journal = "Automatica",
	number = "6",
	pages = "939--958",
	title = "{Errors-in-variables methods in system identification}",
	volume = "43",
	year = "2007"
}

@article{Markovsky06elementwise,
	author = "Markovsky, I. and Rastello, M. and Premoli, A. and Kukush, A. and {Van Huffel}, S.",
	doi = "10.1016/j.csda.2004.07.014",
	issn = "0167-9473",
	journal = "Computational Statistics \& Data Analysis",
	number = "1",
	pages = "181--209",
	publisher = "Elsevier",
	title = "{The element-wise weighted total least-squares problem}",
	volume = "50",
	year = "2006"
}

@article{Rhode14recursive,
	author = "Rhode, S. and Usevich, K. and Markovsky, I. and Gauterin, F.",
	doi = "10.1109/TSP.2014.2350959",
	issn = "1053-587X",
	journal = "IEEE Transactions on Signal Processing",
	number = "21",
	pages = "5652--5662",
	publisher = "IEEE",
	title = "{A recursive restricted total least-squares algorithm}",
	volume = "62",
	year = "2014"
}

@article{Yeredor04homogeneous,
	author = "Yeredor, A. and {De Moor}, B.",
	doi = "10.1016/j.csda.2003.12.001",
	journal = "Computational Statistics \& Data Analysis",
	number = "3",
	pages = "455--465",
	publisher = "Elsevier",
	title = "{On homogeneous least-squares problems and the inconsistency introduced by mis-constraining}",
	volume = "47",
	year = "2004"
}

@article{Mastronardi07fast,
	author = "Mastronardi, N. and O{\rq}Leary, D.",
	doi = "10.1016/j.csda.2007.05.008",
	issn = "0167-9473",
	journal = "Computational Statistics \& Data Analysis",
	number = "2",
	pages = "1119--1131",
	publisher = "Elsevier",
	title = "{Fast robust regression algorithms for problems with {Toeplitz} structure}",
	volume = "52",
	year = "2007"
}

@article{Zhang17total,
	author = "Zhang, S. and Zhang, K. and Han, J. and Tong, X.",
	doi = "10.1016/j.amc.2017.01.006",
	issn = "0096-3003",
	journal = "Applied Mathematics and Computation",
	pages = "58--64",
	title = "{Total least norm solution for linear structured {EIV} model}",
	volume = "304",
	year = "2017"
}

@article{Palanthandalam10parameter,
	author = "Palanthandalam-Madapusi, H. and {Van Pelt}, T. and Bernstein, D.",
	doi = "10.1080/00207170903470666",
	issn = "1366--5820",
	journal = "International Journal of Control",
	number = "4",
	pages = "862--877",
	publisher = "Taylor \& Francis",
	title = "{Parameter consistency and quadratically constrained errors-in-variables least-squares identification}",
	volume = "83",
	year = "2010"
}

@incollection{deMoor97structured,
	author = "{De Moor}, B.",
	booktitle = "{Communications, Computation, Control, and Signal Processing}",
	doi = "10.1007/978-1-4615-6281-8_13",
	pages = "243--258",
	publisher = "Springer",
	title = "{Structured total least squares for {Hankel} matrices}",
	year = "1997"
}

@article{Markovsky07overview,
	author = "Markovsky, I. and {Van Huffel}, S",
	doi = "10.1016/j.sigpro.2007.04.004",
	issn = "0165-1684",
	journal = "Signal Processing",
	number = "10",
	pages = "2283--2302",
	title = "{Overview of total least-squares methods}",
	volume = "87",
	year = "2007"
}

@article{Kalsi06fast,
	author = "Kalsi, A. and O{\rq}Leary, D.",
	doi = "10.6028/jres.111.010",
	journal = "Journal of Research of the National Institute of Standards and Technology",
	number = "2",
	pages = "113",
	publisher = "National Institute of Standards and Technology",
	title = "{Fast algorithms for structured least squares and total least squares problems}",
	volume = "111",
	year = "2006"
}

@article{Kiviet12high,
	author = "Kiviet, J. and Phillips, G.",
	doi = "10.1016/j.csda.2010.07.013",
	issn = "0167-9473",
	journal = "Computational Statistics \& Data Analysis",
	number = "11",
	pages = "3705--3729",
	title = "{Higher-order asymptotic expansions of the least-squares estimation bias in first-order dynamic regression models}",
	volume = "56",
	year = "2012"
}

@article{Kiviet14improved,
	author = "Kiviet, J. and Phillips, G.",
	doi = "10.1016/j.csda.2013.09.021",
	issn = "0167-9473",
	journal = "Computational Statistics \& Data Analysis",
	pages = "424--448",
	title = "{Improved variance estimation of maximum likelihood estimators in stable first-order dynamic regression models}",
	volume = "76",
	year = "2014"
}

@article{VanHuffel07TLSeditorial,
	author = "{Van Huffel}, S. and Cheng, C. and Mastronardi, N. and Paige, C. and Kukush, A.",
	doi = "10.1016/j.csda.2007.07.001",
	issn = "0167-9473",
	journal = "Computational Statistics \& Data Analysis",
	number = "2",
	pages = "1076--1079",
	title = "{Total least squares and errors-in-variables modeling}",
	volume = "52",
	year = "2007"
}

@article{Wiesel06Maximum,
	author = "Wiesel, A. and Eldar, Y. and Beck, A.",
	doi = "10.1109/LSP.2006.870377",
	issn = "1070-9908",
	journal = "IEEE Signal Processing Letters",
	number = "5",
	pages = "292--295",
	title = "{Maximum likelihood estimation in linear models with a {Gaussian} model matrix}",
	volume = "13",
	year = "2006"
}

@article{Markovsky05application,
	author = "Markovsky, I. and Willems, J. and {Van Huffel}, S. and {De Moor}, B. and Pintelon, R.",
	doi = "10.1109/TAC.2005.856643",
	issn = "0018-9286",
	journal = "IEEE Transactions on Automatic Control",
	number = "10",
	pages = "1490--1500",
	publisher = "IEEE",
	title = "{Application of structured total least squares for system identification and model reduction}",
	volume = "50",
	year = "2005"
}

@article{Feiz17,
	author = "Feiz, R. and Rezghi, M.",
	doi = "10.1016/j.jvcir.2017.03.001",
	issn = "1047-3203",
	journal = "Journal of Visual Communication and Image Representation",
	pages = "48--57",
	title = "{A splitting method for total least squares color image restoration problem}",
	volume = "46",
	year = "2017"
}

@article{Pan18,
	author = "{Pan}, Y. and {Luo}, G. Q. and {Jin}, H. and {Cao}, W.",
	doi = "10.1109/ACCESS.2018.2828799",
	issn = "2169-3536",
	journal = "IEEE Access",
	number = "",
	pages = "23172--23179",
	title = "{Direction-of-arrival estimation with {ULA}: a spatial annihilating filter reconstruction perspective}",
	volume = "6",
	year = "2018"
}

@article{Jia18,
	author = "Jia, T. and Wang, H. and Shen, X. and Jiang, Z. and He, K.",
	doi = "10.1016/j.sigpro.2017.09.011",
	issn = "0165-1684",
	journal = "Signal Processing",
	pages = "211--221",
	title = "{Target localization based on structured total least squares with hybrid TDOA-AOA measurements}",
	volume = "143",
	year = "2018"
}

@article{Cai16,
	author = "Cai, J. and Qu, X. and Xu, W. and Ye, G.",
	doi = "10.1016/j.acha.2016.02.003",
	issn = "1063-5203",
	journal = "Applied and Computational Harmonic Analysis",
	number = "2",
	pages = "470--490",
	title = "{Robust recovery of complex exponential signals from random {Gaussian} projections via low rank {Hankel} matrix reconstruction}",
	volume = "41",
	year = "2016"
}

@book{Hammersley75,
	title = "{Monte Carlo Methods}",
	author = "Hammersley, J.M. and  Handscomb, D.C",
	year = "1975",
	publisher = "Fletcher \& Son"
}

@article{Niedzwiecki16b,
	author = "Nied{\'z}wiecki, M. and Pietrzak, P.",
	doi = "10.1109/TIM.2016.2575180",
	issn = "0018-9456",
	journal = "IEEE Transactions on Instrumentation and Measurement",
	number = "10",
	pages = "2349--2359",
	title = "{High-Precision {FIR}-model-based dynamic weighing system}",
	volume = "65",
	year = "2016"
}

@article{Niedzwiecki16a,
	author = "Nied{\'z}wiecki, M. and Meller, M. and Pietrzak, P.",
	doi = "10.1016/j.ymssp.2016.04.007",
	issn = "0888-3270",
	journal = "Mechanical Systems and Signal Processing",
	pages = "582--599",
	title = "{System identification based approach to dynamic weighing revisited}",
	volume = 80,
	year = 2016
}

@article{Azam15,
	author = "Azam, S.E. and Chatzi, E. and Papadimitriou, C.",
	title = "A dual {Kalman} filter approach for state estimation via output-only acceleration measurements",
	journal = "Mechanical Systems and Signal Processing",
	volume = "60-61",
	pages = "866--886",
	year = "2015",
	issn = "0888-3270",
	doi = "10.1016/j.ymssp.2015.02.001",
}
